@article{teller1994visibility,
  title={Visibility computations in densely occluded polyhedral environments.},
  author={Teller, Seth J},
  year={1994}
}

@misc{wiki:Fußball,
   author = "Wikipedia",
   title = "Fußball --- Wikipedia{,} Die freie Enzyklopädie",
   year = "2020",
   url = "https://de.wikipedia.org/w/index.php?title=Fu%C3%9Fball&oldid=204904866",
   note = "[Online; Stand 13. November 2020]"
 }